month,total_sales
2018-05,39
2018-06,1112
2018-07,1211
2018-08,1266
2018-09,1228
2018-10,1072
2018-11,1167
2018-12,1387
2019-01,1297
2019-02,1014
2019-03,944
2019-04,1261
2019-05,1289
2019-06,1018
2019-07,1096
2019-08,1191
2019-09,1065
2019-10,1068
2019-11,1222
2019-12,1172
2020-01,1258
2020-02,1244
2020-03,1039
2020-04,1126
2020-05,1199
2020-06,1033
2020-07,1289
2020-08,1092
2020-09,1110
2020-10,1258
2020-11,1233
2020-12,1162
